@article{example,
	author = {Tatarski, V. I. },  
	title = {The {W}igner representation of quantum mechanics},
	journal = SPU,
	volume = {26},
	pages = {311},
	year = {1983},
	doi = {10.1070/PU1983v026n04ABEH004345},
	url = {http://iopscience.iop.org/0038-5670/26/4/R02},
    language={english},
    hyphenation={english}
}

@article{FWframesconstruct,
	author = {Maluf, J.W. and Faria, F.F.},  
	title = {On the construction of Fermi–Walker transported frames},
	journal = "Ann. Phys. (Berlin)",
	volume = {17},
	pages = {326-335},
	year = {2008},
	doi = {10.1002/andp.200810289},
	url = {https://arxiv.org/abs/0804.2502},
    language={english},
    hyphenation={english}
}

@article{star2008,
    author = {Staruszkiewicz, A.},
    year = {2008},
    month = {01},
    pages = {18-20},
    title = {Fundamental relativistic rotator},
    journal = APPB,
    volume = {1},
    language={english},
    hyphenation={english}
}

@article{bratek2015,
    author = {Bratek, Ł},
    year = {2015},
    month = {11},
    pages = {},
    journal = "arXiv:1511.00419 [math-ph]",
    title = {Relativistic Ideal Clock},
    language={english},
    hyphenation={english}
}


@article{Mourou199822,
    author={Mourou, G.A. and Barty, C.P.J. and Perry, M.D.},
    title={Ultrahigh-intensity lasers: Physics of the extreme on a tabletop},
    journal={Physics Today},
    year={1998},
    volume={51},
    number={1},
    pages={22-28},
    doi={10.1063/1.882131},
    note={cited By 537},
    document_type={Article},
    source={Scopus},
    language={english},
    hyphenation={english}
}
@article{Fletcher2013,
    author="Fletcher, Samuel C.",
    title="Light Clocks and the Clock Hypothesis",
    journal="Foundations of Physics",
    year="2013",
    month="Nov",
    day="01",
    volume="43",
    number="11",
    pages="1369--1383",
    issn="1572-9516",
    doi="10.1007/s10701-013-9751-3",
    url="https://doi.org/10.1007/s10701-013-9751-3",
    language={english},
    hyphenation={english}
}

@article{Bratek2012Spinorindeterm,
    author = {Bratek, Lukasz},
    year = {2012},
    month = {02},
    pages = {012017},
    title = {Spinor particle. An indeterminacy in the motion of relativistic dynamical systems with separately fixed mass and spin},
    volume = {343},
    booktitle = {Journal of Physics Conference Series},
    language={english},
    hyphenation={english}
}

@article{Bratek2015wiele,
    author = {{Bratek}, {\L}.},
    title = "{Relativistic Ideal Clock}",
    journal = {ArXiv e-prints},
    archivePrefix = "arXiv",
    eprint = {1511.00419},
    primaryClass = "math-ph",
    keywords = {Mathematical Physics},
    year = 2015,
    month = nov,
    adsurl = {http://adsabs.harvard.edu/abs/2015arXiv151100419B},
    adsnote = {Provided by the SAO/NASA Astrophysics Data System},
    language={english},
    hyphenation={english}
}

@article{West2007,
    author={Joseph West},
    title={A light clock satisfying the clock hypothesis of special relativity},
    journal={European Journal of Physics},
    volume={28},
    number={4},
    pages={693},
    url={http://stacks.iop.org/0143-0807/28/i=4/a=009},
    year={2007}
    language={english},
    hyphenation={english}
}

@article{Bratek2009nonuniq,
    author = {{Bratek}, {\L}.},
    title = "{On the nonuniqueness of free motion of the fundamental relativistic rotator}",
    journal = {ArXiv e-prints},
    archivePrefix = "arXiv",
    eprint = {0902.4189},
    primaryClass = "math-ph",
    keywords = {Mathematical Physics, General Relativity and Quantum Cosmology, High Energy Physics - Theory},
    year = 2009,
    month = feb,
    adsurl = {http://adsabs.harvard.edu/abs/2009arXiv0902.4189B},
    adsnote = {Provided by the SAO/NASA Astrophysics Data System},
    language={english},
    hyphenation={english}
}

@article{Kassandrov2009,
    author = {{Kassandrov}, V. and {Markova}, N. and {Sch{\"a}fer}, G. and {Wipf}, A.},
    title = "{On a model of a classical relativistic particle of constant and universal mass and spin}",
    journal = {Journal of Physics A Mathematical General},
    archivePrefix = "arXiv",
    eprint = {0902.3688},
    primaryClass = "hep-th",
    year = 2009,
    month = aug,
    volume = 42,
    eid = {315204},
    pages = {315204},
    doi = {10.1088/1751-8113/42/31/315204},
    adsurl = {http://adsabs.harvard.edu/abs/2009JPhA...42E5204K},
    adsnote = {Provided by the SAO/NASA Astrophysics Data System},
    language={english},
    hyphenation={english}
}

@article{einstein,
    title={Zur Elektrodynamik bewegter K{\"o}rper},
    author={Einstein, A.},
    journal={Annalen der Physik},
    volume={322},
    pages={891-921},
    year={1905},
    doi = {10.1002/andp.19053221004},
    language={german},
    hyphenation={german}
}


@article{Ghotra2015,
    author="Ghotra, Harjit Singh and Kant, Niti",
    title="Electron acceleration by a chirped laser pulse in vacuum under the influence of magnetic field",
    journal="Optical Review",
    year="2015",
    month="Aug",
    day="01",
    volume="22",
    number="4",
    pages="539--543",
    issn="1349-9432",
    doi="10.1007/s10043-015-0113-6",
    url="https://doi.org/10.1007/s10043-015-0113-6",
    language={english},
    hyphenation={english}
}

@article{Bailey1977,
    author={Bailey, J.
    and Borer, K.
    and Combley, F.
    and Drumm, H.
    and Krienen, F.
    and Lange, F.
    and Picasso, E.
    and von Ruden, W.
    and Farley, F. J. M.
    and Field, J. H.
    and Flegel, W.
    and Hattersley, P. M.},
    title={Measurements of relativistic time dilatation for positive and negative muons in a circular orbit},
    journal={Nature},
    year={1977},
    month={Jul},
    day={28},
    publisher={Nature Publishing Group SN  -},
    volume={268},
    pages={301 EP  -},
    language={english},
    hyphenation={english}
}



@book{polchinski_1998, 
    place={Cambridge}, 
    series={Cambridge Monographs on Mathematical Physics}, 
    title={String Theory}, 
    volume={1}, 
    DOI={10.1017/CBO9780511816079}, 
    publisher={Cambridge University Press}, 
    author={Polchinski, Joseph}, 
    year={1998}, 
    collection={Cambridge Monographs on Mathematical Physics},
    language={english},
    hyphenation={english}
}


@conference{Costa2015,
    author={Costa, L.F.O. and Natário, J.},
    title={Inertial forces in general relativity},
    journal={Journal of Physics: Conference Series},
    year={2015},
    volume={600},
    number={1},
    doi={10.1088/1742-6596/600/1/012053},
    art_number={012053},
    note={cited By 1},
    url={https://www.scopus.com/inward/record.uri?eid=2-s2.0-84928819870&doi=10.1088%2f1742-6596%2f600%2f1%2f012053&partnerID=40&md5=9aeae198631fc56ad61f81674604a295},
    document_type={Conference Paper},
    source={Scopus},
    language={english},
    hyphenation={english}
}

@book{minkowski2013space,
    title={Space and Time: Minkowski's papers on relativity},
    author={Minkowski, H. and Petkov, V.},
    isbn={9780987987112},
    url={https://books.google.pl/books?id=D-J9AgAAQBAJ},
    year={2013},
    publisher={Minkowski Institute Press},
    language={english},
    hyphenation={english}
}


@book{synge1960,
    title = {Relativity: the general theory},
    author = {Synge, J.L.},
    lccn = {60050863},
    series = {Series in physics},
    url = {https://books.google.pl/books?id=06kNAQAAIAAJ},
    year = {1960},
    publisher = {North-Holland},
    language={english},
    hyphenation={english}
}

@book{star1993algebra,
    title = {Algebra i geometria},
    author = {Staruszkiewicz, A.},
    isbn = {9788370810863},
    series = {Wyk{\l}ady dla fizyk{\'o}w, tom I},
    year = {1993},
    publisher = {\left< N | K | F\right>},
    language={polish},
    hyphenation={polish}
}

@book{trau1984,
    title = {Czasoprzestrzeń i grawitacja},
    author = {Trautmann, A. and Kopczyński, W.},
    publisher = {PWN},
    year = {1984},
    isbn = {9788301022662},
    language={polish},
    hyphenation={polish}
}

@book{inga1980,
    title = {Elektrodynamika klasyczna},
    author = {Ingarden, R.S. and Jamio{\l}kowski, A.},
    isbn = {9788301004644},
    url = {https://books.google.pl/books?id=0JruAAAACAAJ},
    year = {1980},
    publisher = {PWN},
    language={polish},
    hyphenation={polish}
}

@book{ganca1987,
    title={Geometria r{\'o}{\.z}niczkowa},
    author={Gancarzewicz, J.},
    isbn={9788301063047},
    series={Biblioteka matematyczna},
    url={https://books.google.pl/books?id=UFqOAAAACAAJ},
    year={1987},
    publisher={PWN},
    language={polish},
    hyphenation={polish}
}

@book{hartle2016,
    title={Grawitacja: Wprowadzenie do ogolnej teorii wzglednosci Einsteina},
    author={Hartle, J.B.},
    isbn={9788323504764},
    url={https://books.google.pl/books?id=vbXuRQAACAAJ},
    year={2016},
    publisher={Wyd. Uniwersytetu Warszawskiego},
    language={polish},
    hyphenation={polish}
}

@book{landau1978krotki,
    title={Kr{\'o}tki kurs fizyki teoretycznej: Mechanika, Elektrodynamika},
    author={Landau, L.D. and Lif{\v{s}}ic, E.M. and Ba{\.z}a{\'n}ski, S.L.},
    number={t. 1},
    url={https://books.google.pl/books?id=lhY6mwEACAAJ},
    year={1978},
    publisher={PWN},
    language={polish},
    hyphenation={polish}
}

@book{ohanian2013gravitation,
    title={Gravitation and Spacetime},
    author={Ohanian, H.C. and Ruffini, R.},
    isbn={9781139619547},
    url={https://books.google.pl/books?id=JVQhAwAAQBAJ},
    year={2013},
    publisher={Cambridge University Press},
    language={english},
    hyphenation={english}
}


@book{Ashtekar20141,
    author={Ashtekar, A. and Petkov, V.},
    title={Springer handbook of spacetime},
    journal={Springer Handbook of Spacetime},
    year={2014},
    pages={1-887},
    doi={10.1007/978-3-642-41992-8},
    note={cited By 8},
    document_type={Book},
    source={Scopus},
    language={english},
    hyphenation={english}
}

@book{heller1993fizyka,
    title={Fizyka ruchu i czasoprzestrzeni},
    author={Heller, M.},
    isbn={9788301112493},
    url={https://books.google.pl/books?id=RaXtAAAACAAJ},
    year={1993},
    publisher={Wyd. Naukowe PWN},
    language={polish},
    hyphenation={polish}
}

@book{czasHeller,
    title={Czas...},
    author="Heller, M. and Mączka, J.",
    isbn={83-7332-019-9},
    year={2001},
    publisher={Wyd. Diecezji Tarnowskiej Biblos},
    adress={Tarnów},
    language={polish},
    hyphenation={polish}
}

@misc{CERN,
    title = {The accelerator complex},
    howpublished = {\url{https://home.cern/about/accelerators}},
    note = {Dostęp: 2018-05-15},
    language={english},
    hyphenation={english}
}

~            
